<marc:record>
<marc:leader>04350cam a2200673 a 4500</marc:leader>
<marc:controlfield tag="001">341706</marc:controlfield>
<marc:controlfield tag="005">20130321171707.0</marc:controlfield>
<marc:controlfield tag="008">860626s1784    enk           00010 eng d</marc:controlfield>
<marc:datafield ind1=" " ind2=" " tag="035">
<marc:subfield code="a">(PUVoyagerBIBID)159461</marc:subfield>
</marc:datafield>
<marc:datafield ind1=" " ind2=" " tag="035">
<marc:subfield code="a">(CStRLIN)PAUG86-B26845</marc:subfield>
</marc:datafield>
<marc:datafield ind1=" " ind2=" " tag="035">
<marc:subfield code="a">(CaOTULAS)146810119</marc:subfield>
</marc:datafield>
<marc:datafield ind1=" " ind2=" " tag="035">
<marc:subfield code="9">AAX6622</marc:subfield>
</marc:datafield>
<marc:datafield ind1=" " ind2=" " tag="035">
<marc:subfield code="a">(MediadbVoyBIBID)341706</marc:subfield>
</marc:datafield>
<marc:datafield ind1=" " ind2=" " tag="035">
<marc:subfield code="a">(END)sm_pr3639_p445_v57_1784</marc:subfield>
</marc:datafield>
<marc:datafield ind1=" " ind2=" " tag="040">
<marc:subfield code="a">PU</marc:subfield>
<marc:subfield code="c">PU</marc:subfield>
</marc:datafield>
<marc:datafield ind1=" " ind2=" " tag="090">
<marc:subfield code="a">PR3639.P445</marc:subfield>
<marc:subfield code="b">V57 1784</marc:subfield>
<marc:subfield code="i">06/26/86 CT</marc:subfield>
</marc:datafield>
<marc:datafield ind1="1" ind2=" " tag="100">
<marc:subfield code="a">Potter, John</marc:subfield>
<marc:subfield code="d">fl. 1754-1804.</marc:subfield>
</marc:datafield>
<marc:datafield ind1="1" ind2="4" tag="245">
<marc:subfield code="a">The virtuous villagers :</marc:subfield>
<marc:subfield code="b">a novel, in a series of letters /</marc:subfield>
<marc:subfield code="c">by John Potter ... : in two volumes.</marc:subfield>
</marc:datafield>
<marc:datafield ind1=" " ind2=" " tag="246">
<marc:subfield code="a">The virtuous villagers, a novel. In a series of letters. By John Potter, M. B. author of The curate of Coventry, &amp;c. &amp;c. In two volumes. Vol. I.</marc:subfield>
<marc:subfield code="d">Letter-press</marc:subfield>
<marc:subfield code="x">Volume</marc:subfield>
<marc:subfield code="g">Full</marc:subfield>
<marc:subfield code="v">v.1</marc:subfield>
</marc:datafield>
<marc:datafield ind1=" " ind2=" " tag="246">
<marc:subfield code="a">The virtuous villagers, a novel. Vol. I.</marc:subfield>
<marc:subfield code="d">Letter-press</marc:subfield>
<marc:subfield code="x">Volume</marc:subfield>
<marc:subfield code="g">Half</marc:subfield>
<marc:subfield code="v">v.1</marc:subfield>
</marc:datafield>
<marc:datafield ind1=" " ind2=" " tag="246">
<marc:subfield code="a">The virtuous villagers, a novel. In a series of letters. By John Potter, M. B. author of The curate of Coventry, &amp;c. &amp;c. In two volumes. Vol. II.</marc:subfield>
<marc:subfield code="d">Letter-press</marc:subfield>
<marc:subfield code="x">Volume</marc:subfield>
<marc:subfield code="g">Full</marc:subfield>
<marc:subfield code="v">v.2</marc:subfield>
</marc:datafield>
<marc:datafield ind1=" " ind2=" " tag="246">
<marc:subfield code="a">The virtuous villagers, a novel. Vol. II.</marc:subfield>
<marc:subfield code="d">Letter-press</marc:subfield>
<marc:subfield code="x">Volume</marc:subfield>
<marc:subfield code="g">Half</marc:subfield>
<marc:subfield code="v">v.2</marc:subfield>
</marc:datafield>
<marc:datafield ind1="0" ind2="7" tag="246">
<marc:subfield code="a">The virtuous villagers.</marc:subfield>
<marc:subfield code="v">v.1</marc:subfield>
<marc:subfield code="v">v.2</marc:subfield>
</marc:datafield>
<marc:datafield ind1="0" ind2="7" tag="246">
<marc:subfield code="a">The virtuous villagers. (verso)</marc:subfield>
<marc:subfield code="a">The virtuous villagers. (recto)</marc:subfield>
<marc:subfield code="v">v.1</marc:subfield>
<marc:subfield code="v">v.2</marc:subfield>
</marc:datafield>
<marc:datafield ind1=" " ind2=" " tag="260">
<marc:subfield code="a">[London]</marc:subfield>
<marc:subfield code="b">Printed for W. Cass, Lamb's Conduit Street, Holborn,</marc:subfield>
<marc:subfield code="c">MDCCLXXXIV.</marc:subfield>
<marc:subfield code="v">v.1</marc:subfield>
<marc:subfield code="v">v.2</marc:subfield>
<marc:subfield code="a">[London]</marc:subfield>
</marc:datafield>
<marc:datafield ind1=" " ind2=" " tag="300">
<marc:subfield code="a">2 v. ;</marc:subfield>
<marc:subfield code="c">19 cm. (12mo)</marc:subfield>
<marc:subfield code="x">Duodecimo</marc:subfield>
<marc:subfield code="a">[2 v.]</marc:subfield>
</marc:datafield>
<marc:datafield ind1=" " ind2=" " tag="500">
<marc:subfield code="a">Advertisements on last p. of v. 2.</marc:subfield>
</marc:datafield>
<marc:datafield ind1="4" ind2=" " tag="510">
<marc:subfield code="a">ESTC (RLIN)</marc:subfield>
<marc:subfield code="c">N66765</marc:subfield>
</marc:datafield>
<marc:datafield ind1="4" ind2=" " tag="510">
<marc:subfield code="a">English novel, 1770-1829,</marc:subfield>
<marc:subfield code="c">1784:22</marc:subfield>
</marc:datafield>
<marc:datafield ind1="4" ind2=" " tag="510">
<marc:subfield code="a">Block, A.  Engl. novel (1961 ed.),</marc:subfield>
<marc:subfield code="c">p.188</marc:subfield>
</marc:datafield>
<marc:datafield ind1=" " ind2=" " tag="520">
<marc:subfield code="a">Advertisement</marc:subfield>
<marc:subfield code="b">Advertisement.</marc:subfield>
<marc:subfield code="c">Front</marc:subfield>
<marc:subfield code="v">v.1</marc:subfield>
<marc:subfield code="x">Authorial</marc:subfield>
<marc:subfield code="x">Begins, ""The author of the following work thinks it necessary to observe, that he has studiously endeavoured to avoid subscribing to the wishes of juvenile indiscretion, in not indulging the erratick delusions and extravagances of romance.""</marc:subfield>
<marc:subfield code="x">Explains the purpose of the novel: ""to correct the mistakes of the heart; to enlarge the boundaries of human understanding; to point out the social obligations; to display the beauties of domestic felicity; and to give ardour and confidence to virtue."</marc:subfield>
</marc:datafield>
<marc:datafield ind1=" " ind2=" " tag="590">
<marc:subfield code="a">Bound in 1 volume.</marc:subfield>
</marc:datafield>
<marc:datafield ind1=" " ind2=" " tag="591">
<marc:subfield code="a">--Tibi scriptus, matrona, libellus.</marc:subfield>
<marc:subfield code="2">Martial.</marc:subfield>
<marc:subfield code="b">Epigrams. LXVII.</marc:subfield>
<marc:subfield code="c">Martial</marc:subfield>
</marc:datafield>
<marc:datafield ind1=" " ind2=" " tag="591">
<marc:subfield code="a">To mend the heart, to raise the mind, our view,---Ye modest fair, this book is writ for you.</marc:subfield>
</marc:datafield>
<marc:datafield ind1=" " ind2=" " tag="592">
<marc:subfield code="a">Epistolary</marc:subfield>
<marc:subfield code="x">Contains footnotes citing allusions or expanding on certain details, e.g. digressing on the topic of music, instruments, harmony, etc..</marc:subfield>
<marc:subfield code="x">Contains many quotations from poems.</marc:subfield>
</marc:datafield>
<marc:datafield ind1=" " ind2=" " tag="594">
<marc:subfield code="a">Leighton house</marc:subfield>
<marc:subfield code="b">Ink</marc:subfield>
<marc:subfield code="v">v.1</marc:subfield>
<marc:subfield code="v">v.2</marc:subfield>
<marc:subfield code="x">On the full title page of both volumes.</marc:subfield>
</marc:datafield>
<marc:datafield ind1=" " ind2=" " tag="595">
<marc:subfield code="a">Pencil</marc:subfield>
<marc:subfield code="b">Editorial markings</marc:subfield>
<marc:subfield code="v">v.1</marc:subfield>
<marc:subfield code="x">Certain words underlined on the title page.</marc:subfield>
</marc:datafield>
<marc:datafield ind1=" " ind2=" " tag="599">
<marc:subfield code="a">Author (text)</marc:subfield>
<marc:subfield code="b">Proper name</marc:subfield>
<marc:subfield code="b">Reference to other works</marc:subfield>
<marc:subfield code="2">By John Potter, M. B. author of The curate of coventry, &amp;c. &amp;c.</marc:subfield>
<marc:subfield code="3">Title Page</marc:subfield>
<marc:subfield code="5">Male</marc:subfield>
<marc:subfield code="6">Male</marc:subfield>
</marc:datafield>
<marc:datafield ind1=" " ind2=" " tag="599">
<marc:subfield code="a">Author (text)</marc:subfield>
<marc:subfield code="b">Generic/Descriptive</marc:subfield>
<marc:subfield code="2">The author of the following work thinks it necessary to observe, that he has studiously endeavoured...</marc:subfield>
<marc:subfield code="3">Advertisement</marc:subfield>
<marc:subfield code="5">Male</marc:subfield>
<marc:subfield code="6">Male</marc:subfield>
</marc:datafield>
<marc:datafield ind1=" " ind2="7" tag="656">
<marc:subfield code="a">Epistolary fiction</marc:subfield>
<marc:subfield code="z">England</marc:subfield>
<marc:subfield code="y">18th century.</marc:subfield>
<marc:subfield code="2">rbgenr</marc:subfield>
</marc:datafield>
<marc:datafield ind1=" " ind2="7" tag="656">
<marc:subfield code="a">Booksellers' advertisements</marc:subfield>
<marc:subfield code="z">England</marc:subfield>
<marc:subfield code="y">18th century.</marc:subfield>
<marc:subfield code="2">rbgenr</marc:subfield>
</marc:datafield>
<marc:datafield ind1=" " ind2="4" tag="650">
<marc:subfield code="a">CHR 1784</marc:subfield>
</marc:datafield>
<marc:datafield ind1=" " ind2="4" tag="650">
<marc:subfield code="a">PRO Leighton house (Inscription)</marc:subfield>
</marc:datafield>
<marc:datafield ind1=" " ind2="4" tag="650">
<marc:subfield code="a">PRO Singer, Jacob (donor)</marc:subfield>
</marc:datafield>
<marc:datafield ind1=" " ind2="4" tag="650">
<marc:subfield code="a">PRO Singer, Leah (donor)</marc:subfield>
</marc:datafield>
<marc:datafield ind1=" " ind2="4" tag="650">
<marc:subfield code="a">PRO Singer, Godfrey F. (honoree)</marc:subfield>
</marc:datafield>
<marc:datafield ind1=" " ind2=" " tag="656">
<marc:subfield code="a">Fiction</marc:subfield>
<marc:subfield code="b">Back</marc:subfield>
<marc:subfield code="v">v.2</marc:subfield>
<marc:subfield code="c">Same seller</marc:subfield>
</marc:datafield>
<marc:datafield ind1=" " ind2=" " tag="700">
<marc:subfield code="a">W. Cass</marc:subfield>
<marc:subfield code="4">Printed for</marc:subfield>
<marc:subfield code="5">Unauthorized</marc:subfield>
</marc:datafield>
<marc:datafield ind1=" " ind2=" " tag="700">
<marc:subfield code="a">Martial</marc:subfield>
<marc:subfield code="4">Author (epigram)</marc:subfield>
<marc:subfield code="5">Authorized</marc:subfield>
</marc:datafield>
<marc:datafield ind1=" " ind2=" " tag="710">
<marc:subfield code="a">W. Cass</marc:subfield>
<marc:subfield code="4">Printed for</marc:subfield>
<marc:subfield code="5">Unauthorized</marc:subfield>
</marc:datafield>
<marc:datafield ind1="2" ind2=" " tag="710">
<marc:subfield code="a">Collection of British and American Fiction, 1660-1830 (University of Pennsylvania)</marc:subfield>
</marc:datafield>
<marc:datafield ind1="2" ind2=" " tag="710">
<marc:subfield code="a">Early Novels</marc:subfield>
<marc:subfield code="5">University of Pennsylvania</marc:subfield>
</marc:datafield>
<marc:datafield ind1=" " ind2=" " tag="752">
<marc:subfield code="a">England</marc:subfield>
<marc:subfield code="d">London.</marc:subfield>
</marc:datafield>
<marc:datafield ind1="0" ind2="1" tag="852">
<marc:subfield code="b">scsing</marc:subfield>
<marc:subfield code="t">1</marc:subfield>
<marc:subfield code="h">PR3639.P445</marc:subfield>
<marc:subfield code="i">V57 1784</marc:subfield>
</marc:datafield>
<marc:datafield ind1="3" ind2="0" tag="866">
<marc:subfield code="8">0</marc:subfield>
<marc:subfield code="a">2 v.</marc:subfield>
</marc:datafield>
<marc:datafield ind1=" " ind2=" " tag="950">
<marc:subfield code="l">RBC</marc:subfield>
<marc:subfield code="e">\\\\\\\\Singer-\\\\Menden-\\\\hall\\\\</marc:subfield>
<marc:subfield code="v">2 v.</marc:subfield>
<marc:subfield code="i">06/26/86 C</marc:subfield>
</marc:datafield>
<marc:datafield ind1=" " ind2=" " tag="955">
<marc:subfield code="l">RBC</marc:subfield>
<marc:subfield code="c">1</marc:subfield>
<marc:subfield code="q">726575</marc:subfield>
<marc:subfield code="s">Ex libris: Leighton house</marc:subfield>
<marc:subfield code="s">g. Mr. and Mrs. Jacob Singer</marc:subfield>
<marc:subfield code="s">in 1</marc:subfield>
<marc:subfield code="i">06/26/86 C</marc:subfield>
</marc:datafield>
<marc:datafield ind1=" " ind2=" " tag="989">
<marc:subfield code="1">The curate of Coventry</marc:subfield>
<marc:subfield code="2">Villager</marc:subfield>
<marc:subfield code="2">Novel</marc:subfield>
<marc:subfield code="2">Series</marc:subfield>
<marc:subfield code="2">Letter</marc:subfield>
<marc:subfield code="2">M. B.</marc:subfield>
<marc:subfield code="2">Author</marc:subfield>
<marc:subfield code="2">Volume</marc:subfield>
<marc:subfield code="3">Virtuous</marc:subfield>
<marc:subfield code="3">Two</marc:subfield>
<marc:subfield code="5">John Potter, M. B.</marc:subfield>
<marc:subfield code="v">v.1</marc:subfield>
<marc:subfield code="v">v.2</marc:subfield>
</marc:datafield>
<marc:datafield ind1=" " ind2=" " tag="999">
<marc:subfield code="a">MJR</marc:subfield>
<marc:subfield code="b">6/28/11</marc:subfield>
</marc:datafield>
</marc:record>